<record><leader>00000cas a2200000 a 4500</leader><controlfield tag="001">13085133</controlfield><controlfield tag="008">860130d19061907inudn ne      0    0eng c</controlfield><datafield ind1=" " ind2=" " tag="010"><subfield code="a">sn 86058224 </subfield></datafield><datafield ind1=" " ind2=" " tag="040"><subfield code="a">NPI</subfield><subfield code="b">eng</subfield><subfield code="c">NPI</subfield><subfield code="d">CUI</subfield><subfield code="d">OCLCQ</subfield><subfield code="d">OCLCF</subfield><subfield code="d">DLC</subfield></datafield><datafield ind1=" " ind2=" " tag="042"><subfield code="a">pcc</subfield></datafield><datafield ind1=" " ind2=" " tag="043"><subfield code="a">n-us-in</subfield></datafield><datafield ind1=" " ind2="4" tag="050"><subfield code="a">AN</subfield></datafield><datafield ind1="0" ind2=" " tag="130"><subfield code="a">Richmond sun-telegram (Richmond, Ind. : 1906 : Daily)</subfield></datafield><datafield ind1="1" ind2="0" tag="245"><subfield code="a">Richmond sun-telegram.</subfield></datafield><datafield ind1=" " ind2=" " tag="260"><subfield code="a">Richmond, Ind. :</subfield><subfield code="b">B.F. Wissler Co.,</subfield><subfield code="c">1906-</subfield></datafield><datafield ind1=" " ind2=" " tag="300"><subfield code="a">v. :</subfield><subfield code="b">ill. ;</subfield><subfield code="c">57 cm.</subfield></datafield><datafield ind1=" " ind2=" " tag="310"><subfield code="a">Daily (except Sun.)</subfield></datafield><datafield ind1="0" ind2=" " tag="362"><subfield code="a">Vol. 32, no. 168 (Apr. 7, 1906)-</subfield></datafield><datafield ind1="1" ind2=" " tag="362"><subfield code="a">Ceased in Mar. 1907.</subfield></datafield><datafield ind1=" " ind2=" " tag="500"><subfield code="a">Democratic.</subfield></datafield><datafield ind1=" " ind2=" " tag="580"><subfield code="a">Merged with: Farm palladium, and; Richmond palladium (Richmond, Ind. : 1906 : Daily) to form: Richmond palladium and sun-telegram.</subfield></datafield><datafield ind1=" " ind2="0" tag="651"><subfield code="a">Richmond (Ind.)</subfield><subfield code="v">Newspapers.</subfield></datafield><datafield ind1=" " ind2="0" tag="651"><subfield code="a">Wayne County (Ind.)</subfield><subfield code="v">Newspapers.</subfield></datafield><datafield ind1=" " ind2="7" tag="651"><subfield code="a">Indiana</subfield><subfield code="z">Richmond.</subfield><subfield code="2">fast</subfield><subfield code="0">(OCoLC)fst01205951</subfield></datafield><datafield ind1=" " ind2="7" tag="651"><subfield code="a">Indiana</subfield><subfield code="z">Wayne County.</subfield><subfield code="2">fast</subfield><subfield code="0">(OCoLC)fst01218729</subfield></datafield><datafield ind1=" " ind2="7" tag="655"><subfield code="a">Newspapers.</subfield><subfield code="2">fast</subfield><subfield code="0">(OCoLC)fst01423814</subfield></datafield><datafield ind1=" " ind2=" " tag="752"><subfield code="a">United States</subfield><subfield code="b">Indiana</subfield><subfield code="c">Wayne</subfield><subfield code="d">Richmond.</subfield></datafield><datafield ind1="0" ind2="0" tag="780"><subfield code="t">Daily sun-telegram (Richmond, Ind. : 1904)</subfield><subfield code="w">(DLC)sn 87056090</subfield><subfield code="w">(OCoLC)15536120</subfield></datafield><datafield ind1="1" ind2="7" tag="785"><subfield code="t">Farm palladium</subfield></datafield><datafield ind1="1" ind2="7" tag="785"><subfield code="t">Richmond palladium (Richmond, Ind. : 1906 : Daily)</subfield><subfield code="x">2575-1042</subfield><subfield code="w">(DLC)sn 82015675</subfield><subfield code="w">(OCoLC)8809660</subfield></datafield><datafield ind1="1" ind2="7" tag="785"><subfield code="t">Richmond palladium and sun-telegram</subfield><subfield code="w">(DLC)sn 86058226</subfield><subfield code="w">(OCoLC)13085166</subfield></datafield></record>